<?xml version="1.0" encoding="UTF-8"?><record xmlns="http://www.loc.gov/MARC21/slim" xmlns:cinclude="http://apache.org/cocoon/include/1.0" xmlns:zs="http://www.loc.gov/zing/srw/">
  <leader>00313nz  a2200121n  4500</leader>
  <controlfield tag="001">n  97017084 </controlfield>
  <controlfield tag="003">DLC</controlfield>
  <controlfield tag="005">19970219092954.2</controlfield>
  <controlfield tag="008">970219n| acannaab|          |n aaa |||  </controlfield>
  <datafield tag="010" ind1=" " ind2=" ">
    <subfield code="a">n  97017084 </subfield>
  </datafield>
  <datafield tag="040" ind1=" " ind2=" ">
    <subfield code="a">DLC</subfield>
    <subfield code="c">DLC</subfield>
  </datafield>
  <datafield tag="100" ind1="1" ind2="0">
    <subfield code="a">Mutko, Tadeusz</subfield>
  </datafield>
  <datafield tag="670" ind1=" " ind2=" ">
    <subfield code="a">Zalew SzczecinĚski-Wielki Zalew, 1994:</subfield>
    <subfield code="b">t.p. (Tadeusza Mutko)</subfield>
  </datafield>
</record>